@book{briggsclavin,
  author = "Briggs, A. and Clavin, P.",
  title = "Historia Contemporanea de Europa 1789 - 1989",
  publisher = "Critica",
  year = "2001",
  pages = "53--92"
}
@book{hobsbawmIndustriaImperio,
  author = "Hobsbawm, E. J.",
  title = "Industria e Imperio",
  publisher = "Ariel",
  year = "1977",
  pages = "34--76"
}
@book{killick,
  author = "Killick, J.",
  title = "Los Estados Unidos de America",
  publisher = "Siglo XXI",
  year = "1979",
  pages = "109--165"
}
@book{halperin,
  author = "Donghi, T. H.",
  title = "Historia Contemporánea de América Latina",
  publisher = "Alianza",
  year = "1995",
  pages = "80--139"
}
@book{breña,
  author = "Breña, R.",
  title = "Peculiaridades de la revolución hispánica: el proceso emancipador de la Nueva España (1808-1821) en Marco Palacios (coordinador), Las independencias hispanoamericanas. Interpretaciones 200 años después",
  publisher = "Norma",
  year = "2009",
  pages = "275--307"
}
@book{hobsbawmPolDem,
  author = "Hobsbawm, E.",
  title = "La era del imperio: la política de la democracia",
  publisher = "Labor",
  year = "1989",
  pages = "85--112"
}
@book{hobsbawmBanderas,
  author = "Hobsbawm, E.",
  title = "La era del imperio: banderas al viento, las naciones y el nacionalismo",
  publisher = "Labor",
  year = "1989",
  pages = "143--165"
}
@book{hobsbawmCarreraAbierta,
  author = "Hobsbawm, E.",
  title = "La era de la Revolución: la carrera abierta al talento",
  publisher = "Critica",
  pages = "169--184,143--165"
}
@book{hobsbawmQuienEsQuien,
  author = "Hobsbawm, E.",
  title = "La era de la Revolución: Quién es quién o las incertidumbres de la burguesía",
  booktitle = "La era de la Revolución - 1789-1848",
  publisher = "Critica",
  pages = "143--165"
}
@book{held,
  author = "Held, D.",
  title = "La democracia y el orden global",
  publisher = "Paidós",
  year = "1997",
  pages = "71--97"
}
@book{panebianco,
  author = "Panebianco, A.",
  title = "Modelos de partido: organización y poder en los partidos políticos",
  publisher = "Alianza",
  year = "1990",
  pages = "487--512"
}
@book{bendix,
  author = "Bendix, R.",
  title = "Estado nacional y ciudadanía",
  publisher = "Amorportu",
  year = "1974",
  pages = "78--104"
}
@book{marshall,
  author = "Marshall, T. H.",
  title = "Ciudadanía y clase social",
  publisher = "Reis",
  year = "1950",
  pages = "13--82"
}
@book{iazzetta,
  author = "Iazzetta, O.",
  title = "Democracias en busca de Estado. Ensayos sobre América Latina.",
  publisher = "Homo Sapiens",
  year = "2007",
  pages = "15--30"
}
@article{katz,
  author = "Katz, R. and Peter, M.",
  title = "El partido cartel: la trasformación de los modelos de partidos y de la democracia de partidos",
  journal = "Zona Abierta",
  year = "2004",
  number = "108",
  pages = "9--42"
}
@book{divicenzo,
  author = {Di Vicenzo, J. G.},
  title = "Epistemología de las Ciencias Sociales: el optimismo tecnológico",
  publisher = "A. Palma y H. Pardo",
  year = "2012",
  pages = "129--151"
}
@book{tarrow,
  author = "Tarrow, S.",
  title = "El poder en movimiento: los movimientos sociales, la acción colectiva y la política",
  publisher = "Alianza",
  year = "2004",
  pages = "21--53"
}
@book{geertz,
  author = "Geertz, C.",
  title = "Los Usos De La Diversidad",
  publisher = "Paidós",
  year = "1996"
}
@book{polletta,
  author = "Polletta, F.",
  title = "Freedom Is an Endless Meeting: Democracy in American Social Movements",
  publisher = "University of Chicago Press",
  year = "2004"
}
@article{graeber,
  author = "Graeber, D.",
  title = "The new anarchists",
  journal = "New Left Review",
  year = "2002",
  number = "13"
}
@article{yang,
  author = "Yang, C.",
  title = "Law Creeps Onto the Lawless Net",
  journal = "BusinessWeek",
  year = "1996",
  number = "3474"
}
@article{frezza,
  author = "Frezza, B.",
  title = "Can Public Network Computing Save Democracy",
  journal = "Network Computing",
  year = "1996",
  number = "35"
}
@article{barlow,
  author = "Barlow, J. P.",
  title = "A Declaration of the Independence of Cyberspace",
  journal = "EFF",
  year = "1996"
}
@article{strate,
  author = "Strate, L.",
  title = "The varieties of cyberspace: Problems in definition and delimitation",
  journal = "Western Journal of Communication",
  year = "1999",
  number = "382"
}
@article{google,
  author = "Google, Inc.",
  title = "Google Code of Conduct",
  journal = "Google",
  year = "2013"
}
@article{washington1,
  author = "Gellman, B.",
  title = "NSA broke privacy rules thousands of times per year, audit finds",
  journal = "Washington Post",
  year = "2013",
  note={\url{http://www.washingtonpost.com/world/national-security/nsa-broke-privacy-rules-thousands-of-times-per-year-audit-finds/2013/08/15/3310e554-05ca-11e3-a07f-49ddc7417125_story.html}}
}
@article{theguardian1,
  author = "Rushe, D. and Ball, J.",
  title = "PRISM scandal: tech giants flatly deny allowing NSA direct access to servers",
  journal = "The Guardian",
  year = "2013",
  note={\url{http://www.theguardian.com/world/2013/jun/07/prism-tech-giants-shock-nsa-data-mining}}
}
@article{theguardian2,
  author = "MacAskill, E.",
  title = "NSA paid millions to cover Prism compliance costs for tech companies",
  journal = "The Guardian",
  year = "2013",
  note={\url{http://www.theguardian.com/world/2013/aug/23/nsa-prism-costs-tech-companies-paid}}
}
@article{salon,
  author = "Olson, P.",
  title = "Anonymous strikes back",
  journal = "Salon",
  year = "2012",
  note={\url{http://www.salon.com/2012/06/03/anonymous_strikes_back}}
}
@article{wikileaks,
  author = "Wikileaks",
  title = "About wikileaks",
  journal = "Wikileaks",
  year = "2011",
  note={\url{https://wikileaks.org/About.html}}
}
@article{krapp,
  author = "Krapp, P.",
  title = "Terror and Play, or What was Hacktivism?",
  journal = "MIT Press Fall",
  year = "2005"
}
@article{gore,
  title = {The global recession of 2009 in a long-term development perspective},
  author = {Gore, C.},
  year = {2010},
  journal = {Journal of International Development},
  volume = {22},
  number = {6},
  pages = {714-738},
}
@article{thetelegraph,
  author = "Evans-Pritchard, A.",
  title = "IMF fears 'social explosion' from world jobs crisis",
  journal = "The Telegraph",
  year = "2010",
  note={\url{http://www.telegraph.co.uk/finance/financialcrisis/8000561/IMF-fears-social-explosion-from-world-jobs-crisis.html}}
}
@book{travica,
  author = "Travica, B.",
  title = "New organizational designs: information aspects",
  publisher = "Praeger",
  year = "1999"
}
@book{evans,
  author = "Evans, R. J.",
  title = "The coming of the Third Reich",
  publisher = "Penguin",
  year = "2003"
}
@book{gromov,
  author = "Gromov, G.",
  title = "Roads and Crossroads of Internet History",
  year = "1995"
}
@book{bell,
  author = "Bell, D.",
  title = "The Coming of Post-Industrial Society",
  publisher = "Harper Colophon Books",
  year = "1974"
}
@book{wallerstein,
  author = "Wallerstein, I.",
  title = "Las incertidumbres del saber",
  publisher = "Gedisa",
  year = "2006",
  pages = "24--33"
}
@book{lefebvre,
  author = "Lefebvre, G.",
  title = "El gran pánico de 1789: la Revolución Francesa y los campesinos",
  publisher = "Paidós",
  year = "1986"
}
@book{bachrach,
  author = "Bachrach, P.",
  title = "Crítica de la teoría elitista de la democracia",
  publisher = "Amorrortu",
  year = "1996"
}
